@article{iacr/GabizonWC19,
	author    = {Ariel Gabizon and
	Zachary J. Williamson and
	Oana Ciobotaru},
	title     = {{PLONK:} Permutations over Lagrange-bases for Oecumenical Noninteractive
	arguments of Knowledge},
	journal   = {{IACR} Cryptol. ePrint Arch.},
	pages     = {953},
	year      = {2019},
	url       = {https://eprint.iacr.org/2019/953},
	timestamp = {Mon, 11 May 2020 15:59:43 +0200},
	biburl    = {https://dblp.org/rec/journals/iacr/GabizonWC19.bib},
	bibsource = {dblp computer science bibliography, https://dblp.org}
}